<?xml version="1.0" encoding="UTF-8"?><record xmlns="http://www.loc.gov/MARC21/slim" xmlns:cinclude="http://apache.org/cocoon/include/1.0" xmlns:zs="http://www.loc.gov/zing/srw/">
  <leader>00800nz  a2200169n  4500</leader>
  <controlfield tag="001">nr2005021986</controlfield>
  <controlfield tag="003">DLC</controlfield>
  <controlfield tag="005">20050929033117.0</controlfield>
  <controlfield tag="008">050915n| acannaabn          |a ana     c</controlfield>
  <datafield tag="010" ind1=" " ind2=" ">
    <subfield code="a">nr2005021986</subfield>
  </datafield>
  <datafield tag="040" ind1=" " ind2=" ">
    <subfield code="a">CSt</subfield>
    <subfield code="b">eng</subfield>
    <subfield code="c">CSt</subfield>
  </datafield>
  <datafield tag="110" ind1="2" ind2=" ">
    <subfield code="a">Nigerian Tourism Development Corporation</subfield>
  </datafield>
  <datafield tag="410" ind1="2" ind2=" ">
    <subfield code="a">Nigeria Tourism Development Corporation</subfield>
  </datafield>
  <datafield tag="410" ind1="2" ind2=" ">
    <subfield code="a">NTDC</subfield>
  </datafield>
  <datafield tag="510" ind1="2" ind2=" ">
    <subfield code="w">a</subfield>
    <subfield code="a">Nigerian Tourist Board</subfield>
  </datafield>
  <datafield tag="670" ind1=" " ind2=" ">
    <subfield code="a">Tourist attractions in Abuja-Nigeria and nearby destinations, 200-?:</subfield>
    <subfield code="b">t.p. (Nigerian Tourism Development Corporation)</subfield>
  </datafield>
  <datafield tag="670" ind1=" " ind2=" ">
    <subfield code="a">Nigerian Tourism Development Corporation WWW site, Sept. 15, 2005</subfield>
    <subfield code="b">(in 1992, the Nigeria Tourist Board was superceded by the Nigerian Tourism Development Corporation (NTDC); the apex tourism agency of the Federal Government; Nigeria Tourism Development Corporation)</subfield>
  </datafield>
</record>